<?xml version="1.0" encoding="UTF-8"?><collection xmlns="http://www.loc.gov/MARC21/slim"><record><leader>00729nam--2200205-i-4500</leader><controlfield tag="001">000010117</controlfield><controlfield tag="002">20161230</controlfield><controlfield tag="005">20161230201028</controlfield><controlfield tag="008">060222s1000------------r-----000-0-rus-d</controlfield><datafield ind1=" " ind2=" " tag="040"><subfield code="a">IFIN-HH</subfield></datafield><datafield ind1=" " ind2=" " tag="041"><subfield code="a">rus</subfield></datafield><datafield ind1=" " ind2=" " tag="080"><subfield code="a">537.311.33</subfield></datafield><datafield ind1="1" ind2=" " tag="100"><subfield code="a">Busch, G</subfield></datafield><datafield ind1="1" ind2="0" tag="245"><subfield code="a">Opredelenie kharakteristiceskih parametrov poluprovodnikov po elektriceskim, opticeskim i magnitnim izmereniam</subfield><subfield code="c">G. busch; u. winkler</subfield></datafield><datafield ind1=" " ind2=" " tag="260"><subfield code="a">Moskva</subfield><subfield code="b">Inostrannoi Literaturi</subfield><subfield code="c">1959</subfield></datafield><datafield ind1=" " ind2=" " tag="300"><subfield code="a">139P</subfield></datafield><datafield ind1=" " ind2=" " tag="500"><subfield code="a">Titlul Original In Limba Germana: Bestimmung Der Charakteristischen Grusen Eineschalbleiters Aus Elektrischen, Optischen Und Magnetischen Messugen</subfield></datafield><datafield ind1="1" ind2=" " tag="700"><subfield code="a">Winkler, U</subfield></datafield><datafield ind1=" " ind2=" " tag="852"><subfield code="a">5912</subfield><subfield code="c">537.311.33</subfield></datafield><datafield ind1=" " ind2=" " tag="CAT"><subfield code="a">Sys</subfield><subfield code="c">20110714</subfield><subfield code="h">120749</subfield></datafield></record></collection>